@article{berendsen1987missing,
  title={The missing term in effective pair potentials},
  author={Berendsen, HJC and Grigera, JR and Straatsma, TP},
  journal={Journal of Physical Chemistry},
  volume={91},
  number={24},
  pages={6269--6271},
  year={1987},
  publisher={ACS Publications}
}


@article{ruehle2009versatile,
  title={Versatile object-oriented toolkit for coarse-graining applications},
  author={R\"uhle, V. and Junghans, C. and Lukyanov, A. and Kremer, K. and Andrienko, D.},
  journal={Journal of Chemical Theory and Computation},
  volume={5},
  number={12},
  pages={3211--3223},
  year={2009},
  publisher={ACS Publications}
}

@article{poblete2010coupling,
  title={Coupling different levels of resolution in molecular simulations},
  author={Poblete, S. and Praprotnik, M. and Kremer, K. and Delle Site, L.},
  journal={The Journal of chemical physics},
  volume={132},
  pages={114101},
  year={2010}
}

@article{fritsch2011grand,
  title={Grand canonical Molecular Dynamics Simulations},
  author={Fritsch, S. and Poblete, S. and Junghans, C. and Ciccotti, G. and Delle Site, L. and Kremer, K.},
  journal={Arxiv preprint arXiv:1112.3151},
  year={2011}
}


@article{wang2009comparative,
  title={Comparative atomistic and coarse-grained study of water: What do we lose by coarse-graining?},
  author={Wang, H. and Junghans, C. and Kremer, K.},
  journal={The European Physical Journal E: Soft Matter and Biological Physics},
  volume={28},
  number={2},
  pages={221--229},
  year={2009},
  publisher={Springer}
}

@article{reith2003deriving,
  title={Deriving effective mesoscale potentials from atomistic simulations},
  author={Reith, D. and P{\"u}tz, M. and M{\"u}ller-Plathe, F.},
  journal={Journal of computational chemistry},
  volume={24},
  number={13},
  pages={1624--1636},
  year={2003},
  publisher={Wiley Online Library}
}

@ARTICLE{mueller2002coarse,
  author = {M{\"u}ller-Plathe, F.},
  title = {Coarse-Graining in Polymer Simulation: From the Atomistic to the
	Mesoscopic Scale and Back},
  journal = {ChemPhysChem},
  year = {2002},
  volume = {3},
  pages = {754--769},
  number = {9},
  file = {mueller2002coarse.pdf:mueller2002coarse.pdf:PDF},
  publisher = {Wiley Online Library},
  timestamp = {2011.12.28}
}
